<record><leader>00000cas a22000007a 4500</leader><controlfield tag="001">10172333</controlfield><controlfield tag="008">831130d18981899ohuwr ne      0    0eng d</controlfield><datafield ind1=" " ind2=" " tag="010"><subfield code="a">sn 83035612 </subfield></datafield><datafield ind1=" " ind2=" " tag="040"><subfield code="a">NPY</subfield><subfield code="b">eng</subfield><subfield code="c">NPY</subfield><subfield code="d">OCLCQ</subfield></datafield><datafield ind1=" " ind2=" " tag="042"><subfield code="a">msc</subfield></datafield><datafield ind1="0" ind2=" " tag="130"><subfield code="a">Bedford news register (Bedford, Ohio : 1898)</subfield></datafield><datafield ind1="1" ind2="4" tag="245"><subfield code="a">The Bedford news register.</subfield></datafield><datafield ind1=" " ind2=" " tag="260"><subfield code="a">Bedford, Ohio :</subfield><subfield code="b">R.S. Ayer,</subfield><subfield code="c">-1899.</subfield></datafield><datafield ind1=" " ind2=" " tag="300"><subfield code="a">1 v. :</subfield><subfield code="b">ill. ;</subfield><subfield code="c">56-61 cm.</subfield></datafield><datafield ind1=" " ind2=" " tag="310"><subfield code="a">Weekly</subfield></datafield><datafield ind1="0" ind2=" " tag="362"><subfield code="a">-v. 8, no. 46 (Oct. 27, 1899).</subfield></datafield><datafield ind1="1" ind2=" " tag="362"><subfield code="a">Began in Nov. 1898.</subfield></datafield><datafield ind1=" " ind2=" " tag="500"><subfield code="a">"Independent." Cf. Gutgesell, S. Guide to Ohio newspapers, 1974.</subfield></datafield><datafield ind1=" " ind2=" " tag="588"><subfield code="a">Description based on: Vol. 8, no. 12 (Feb. 16, 1899).</subfield></datafield><datafield ind1="1" ind2=" " tag="700"><subfield code="a">Ayer, R. S.</subfield></datafield><datafield ind1=" " ind2=" " tag="752"><subfield code="a">United States</subfield><subfield code="b">Ohio</subfield><subfield code="c">Cuyahoga</subfield><subfield code="d">Bedford.</subfield></datafield><datafield ind1="0" ind2="0" tag="780"><subfield code="t">Cuyahoga County Democrat (Bedford, Ohio : 1897)</subfield><subfield code="w">(DLC)sn 83035611</subfield></datafield><datafield ind1="0" ind2="7" tag="785"><subfield code="t">Bedford gazette (Bedford, Ohio : 1899)</subfield><subfield code="w">(DLC)sn 83035052</subfield></datafield><datafield ind1="0" ind2="7" tag="785"><subfield code="t">Bedford news register and gazette</subfield><subfield code="w">(DLC)sn 83035613</subfield></datafield></record>